<?xml version="1.0" encoding="UTF-8"?><collection xmlns="http://www.loc.gov/MARC21/slim"><record><leader>00396nam--2200157-i-4500</leader><controlfield tag="001">000040294</controlfield><controlfield tag="002">20161230</controlfield><controlfield tag="005">20170122232501</controlfield><controlfield tag="008">060222s1000------------r-----000-0-eng-d</controlfield><datafield ind1=" " ind2=" " tag="080"><subfield code="a">662.99</subfield></datafield><datafield ind1=" " ind2=" " tag="100"><subfield code="a">Saphier, Ignat I</subfield></datafield><datafield ind1=" " ind2=" " tag="245"><subfield code="a">Recuperarea pierderilor de caldura din industrie</subfield></datafield><datafield ind1=" " ind2=" " tag="260"><subfield code="a">Bucuresti</subfield><subfield code="b">Ed.Acad.Rpr</subfield><subfield code="c">1953</subfield></datafield><datafield ind1=" " ind2=" " tag="300"><subfield code="a">104 p</subfield></datafield><datafield ind1=" " ind2=" " tag="852"><subfield code="a">3163</subfield></datafield><datafield ind1=" " ind2=" " tag="CAT"><subfield code="a">SYS</subfield><subfield code="c">20170122</subfield><subfield code="h">232501</subfield></datafield></record></collection>